% From the Overleaf Citations reference page https://www.overleaf.com/learn/latex/Bibliography_management_with_biblatex

@article{einstein,
   author =       "Jasmeen Kanwal, Kenny Smith, Jennifer Culbertson, Simon Kirby,"
    title =        "{Zipfâ€™s Law of Abbreviation and the Principle of Least Effort: Language users optimise a miniature lexicon for efficient communication,
Cognition}",
    journal =      "Cognition",
    volume =       "165",
    pages =        "45-52,
    year =         "{2017}",
    DOI =          "https://doi.org/10.1016/j.cognition.2017.05.001.",
}